<?xml version="1.0" encoding="UTF-8"?><collection xmlns="http://www.loc.gov/MARC21/slim"><record><leader>00387nam--2200145-i-4500</leader><controlfield tag="001">000012602</controlfield><controlfield tag="002">20161230</controlfield><controlfield tag="005">20161230201029</controlfield><controlfield tag="008">060222s1000------------r-----000-0-eng-d</controlfield><datafield ind1=" " ind2=" " tag="080"><subfield code="a">541.28:621.039.85</subfield></datafield><datafield ind1=" " ind2=" " tag="100"><subfield code="a">Bolton, A.E</subfield></datafield><datafield ind1=" " ind2=" " tag="245"><subfield code="a">Radioiodination techniques</subfield></datafield><datafield ind1=" " ind2=" " tag="260"><subfield code="a">Amersham, The Radiochemical Centre, 1977. 71 P</subfield></datafield><datafield ind1=" " ind2=" " tag="490"><subfield code="a">The Radiochemical Centre-rewiew</subfield></datafield><datafield ind1=" " ind2=" " tag="852"><subfield code="a">28595</subfield></datafield></record></collection>